@ARTICLE{Xia,
  author = 		   {Xeng-Gen Xia},
  title = 			 {Discrete Chirp-Fourier Transform and Its Application to Chirp Rate Estimation.},
  year = 				 {Nov 2000},
  journal = 		 {IEEE Trans. Signal Processing},
  volume = 			 {48},
  pages = 			 {3122--3133}
}

@ARTICLE{Cohen85,
  AUTHOR =       {Cohen L.; Posch T.},
  TITLE =        {Generalized ambiguity functions},
  JOURNAL =      {Acoustics, Speech, and Signal Processing, IEEE International Conference on ICASSP '85},
  YEAR =         {Apr 1985 },
  volume =       {10},
  pages =        {1033--1036},
}

@ARTICLE{Rich95,
  AUTHOR =       {M.S. Richman; T. W. Parks; R. G. Shenoy},
  TITLE =        {Discrete Time, Discrete Frequency, Time-Frequency Representations},
  JOURNAL =      {Proc. of the IEEE Int. Conf. on Acoust., Speech, and Signal Processing},
  YEAR =         {1995},
  volume =       {2},
  pages =        {1029--1032},
}

@ARTICLE{Guo,
  AUTHOR =			 {Xin Guo; Hong-Bo Sun; Sheng-Li Wang; Guo-Sui Liu},
  TITLE =				 {Comments on discrete Chirp-Fourier transform and its application to chirp rate estimation},
  JOURNAL =			 {IEEE Transactions on Speech, and Signal Processing},
  YEAR =				 {12 Dec 2002},
  volume =			 {50},
  pages =				 {3115- 3116},
}
  
@book{Hoff,
AUTHOR = 					{K. Hoffman and R. Kunze.},
TITLE = 					{Linear Algebra},
PUBLISHER = 			{Prentice Hall},
EDITION =					{Second},
Year =						{1971},
}

@ARTICLE{Zhihui,
  AUTHOR =			 {Zhihui Tang; Ramani Duraiswami; Nail A. Gumerov},
  TITLE =				 {Fast Algorithms to compute matrix-vector products for Pascal Matrices},
  JOURNAL =			 {UM Computer Science Department; CS-TR-4563 UMIACS; UMIACS-TR-2004-08},
  YEAR =				 {25-Mar-2004},
  volume =			 {https://drum.umd.edu/dspace/handle/1903/7},
  number = 			 {},
  pages = 			 {},
 } 
 
@book{Lang,
 AUTHOR =        {S. Lang},
 TITLE =         {Algebra},
 PUBLISHER =     {Addison-Wesley Publishing Company},
 EDITION =       {Third},
 Year =          {1993},
 }
 
